<?xml version="1.0" encoding="UTF-8"?>
<collection xmlns="http://www.loc.gov/MARC21/slim">
<record><leader>01003cam a2200301   4500</leader><controlfield tag="001">a563709</controlfield><controlfield tag="003">SIRSI</controlfield><controlfield tag="005">20220212050002.0</controlfield><controlfield tag="008">680301s1968    nyuac         000 0 eng  </controlfield><datafield tag="010" ind1=" " ind2=" "><subfield code="a">   68010885</subfield></datafield><datafield tag="040" ind1=" " ind2=" "><subfield code="a">DLC</subfield><subfield code="c">DLC</subfield><subfield code="d">m.c.</subfield><subfield code="d">OrLoB</subfield><subfield code="d">UtOrBLW</subfield></datafield><datafield tag="043" ind1=" " ind2=" "><subfield code="a">n-us-nh</subfield></datafield><datafield tag="049" ind1=" " ind2=" "><subfield code="a">STFA</subfield><subfield code="c">1</subfield></datafield><datafield tag="050" ind1="0" ind2="0"><subfield code="a">PS3537.A832</subfield><subfield code="b">P55</subfield></datafield><datafield tag="082" ind1="0" ind2=" "><subfield code="a">818/.5/203</subfield></datafield><datafield tag="100" ind1="1" ind2=" "><subfield code="a">Sarton, May,</subfield><subfield code="d">1912-1995.</subfield><subfield code="=">^A91979</subfield></datafield><datafield tag="245" ind1="1" ind2="0"><subfield code="a">Plant dreaming deep.</subfield></datafield><datafield tag="250" ind1=" " ind2=" "><subfield code="a">[1st ed.]</subfield></datafield><datafield tag="260" ind1=" " ind2=" "><subfield code="a">New York :</subfield><subfield code="b">W. W. Norton,</subfield><subfield code="c">[1968]</subfield></datafield><datafield tag="300" ind1=" " ind2=" "><subfield code="a">189 p. :</subfield><subfield code="b">ill., ports. ;</subfield><subfield code="c">22 cm.</subfield></datafield><datafield tag="600" ind1="1" ind2="0"><subfield code="a">Sarton, May,</subfield><subfield code="d">1912-1995</subfield><subfield code="x">Homes and haunts</subfield><subfield code="z">New Hampshire</subfield><subfield code="z">Nelson.</subfield><subfield code="=">^A91979</subfield></datafield><datafield tag="650" ind1=" " ind2="0"><subfield code="a">Authors, American</subfield><subfield code="y">20th century</subfield><subfield code="v">Biography.</subfield><subfield code="=">^A1989867</subfield></datafield><datafield tag="651" ind1=" " ind2="0"><subfield code="a">Nelson (N.H.)</subfield><subfield code="v">Biography.</subfield><subfield code="=">^A955966</subfield></datafield><datafield tag="035" ind1=" " ind2=" "><subfield code="a">(OCoLC-M)436317</subfield></datafield><datafield tag="035" ind1=" " ind2=" "><subfield code="a">(OCoLC-I)272877123</subfield></datafield><datafield tag="596" ind1=" " ind2=" "><subfield code="a">1</subfield></datafield><datafield tag="916" ind1=" " ind2=" "><subfield code="a">DATE CATALOGED</subfield><subfield code="b">19910105</subfield></datafield><datafield tag="999" ind1=" " ind2=" "><subfield code="a">PS3537 .A832 P55</subfield><subfield code="w">LC</subfield><subfield code="c">1</subfield><subfield code="i">36105035061295</subfield><subfield code="d">8/7/2015</subfield><subfield code="e">7/27/2015</subfield><subfield code="l">STACKS</subfield><subfield code="m">GREEN</subfield><subfield code="n">9</subfield><subfield code="r">Y</subfield><subfield code="s">Y</subfield><subfield code="t">STKS-MONO</subfield><subfield code="u">1/1/1970</subfield></datafield></record>