
<record><leader>00823cam a2200277   4500</leader><controlfield tag="001">a893965</controlfield><controlfield tag="003">SIRSI</controlfield><controlfield tag="005">20220212050002.0</controlfield><controlfield tag="008">730627|||||||||nyu           ||| | eng  </controlfield><datafield tag="010" ind1=" " ind2=" "><subfield code="a">   72013464</subfield></datafield><datafield tag="020" ind1=" " ind2=" "><subfield code="a">0393074749</subfield></datafield><datafield tag="020" ind1=" " ind2=" "><subfield code="a">9780393074741</subfield></datafield><datafield tag="040" ind1=" " ind2=" "><subfield code="d">CStRLIN</subfield><subfield code="d">OrLoB</subfield><subfield code="d">UtOrBLW</subfield></datafield><datafield tag="050" ind1=" " ind2="0"><subfield code="a">PS3537.A832.J68</subfield></datafield><datafield tag="082" ind1="0" ind2=" "><subfield code="a">818/.5/203</subfield><subfield code="a"> B</subfield></datafield><datafield tag="100" ind1="1" ind2=" "><subfield code="a">Sarton, May,</subfield><subfield code="d">1912-1995.</subfield><subfield code="=">^A91979</subfield></datafield><datafield tag="245" ind1="1" ind2="0"><subfield code="a">Journal of a solitude.</subfield></datafield><datafield tag="250" ind1=" " ind2=" "><subfield code="a">[1st ed.]</subfield></datafield><datafield tag="260" ind1=" " ind2=" "><subfield code="a">New York, Norton,</subfield><subfield code="c">[1973]</subfield></datafield><datafield tag="300" ind1=" " ind2=" "><subfield code="a">208 p. :</subfield><subfield code="b">ill. ;</subfield><subfield code="c">21 cm.</subfield></datafield><datafield tag="035" ind1=" " ind2=" "><subfield code="a">(CStRLIN)CSUG29149-B</subfield></datafield><datafield tag="035" ind1=" " ind2=" "><subfield code="a">(OCoLC-M)532306</subfield></datafield><datafield tag="035" ind1=" " ind2=" "><subfield code="a">(OCoLC-I)272828447</subfield></datafield><datafield tag="596" ind1=" " ind2=" "><subfield code="a">1</subfield></datafield><datafield tag="916" ind1=" " ind2=" "><subfield code="a">DATE CATALOGED</subfield><subfield code="b">19910824</subfield></datafield><datafield tag="999" ind1=" " ind2=" "><subfield code="a">PS3537 .A832 J68</subfield><subfield code="w">LC</subfield><subfield code="c">1</subfield><subfield code="i">36105036505977</subfield><subfield code="d">5/30/2018</subfield><subfield code="e">5/21/2018</subfield><subfield code="l">STACKS</subfield><subfield code="m">GREEN</subfield><subfield code="n">15</subfield><subfield code="q">1</subfield><subfield code="r">Y</subfield><subfield code="s">Y</subfield><subfield code="t">STKS-MONO</subfield><subfield code="u">6/27/1973</subfield></datafield></record>