
<record><leader>01046cam a22003018a 4500</leader><controlfield tag="001">a1687061</controlfield><controlfield tag="003">SIRSI</controlfield><controlfield tag="005">20220212050002.0</controlfield><controlfield tag="008">880405s1988    nyua          000 0aeng  </controlfield><datafield tag="010" ind1=" " ind2=" "><subfield code="a">   87018562</subfield></datafield><datafield tag="020" ind1=" " ind2=" "><subfield code="a">0393025330</subfield></datafield><datafield tag="020" ind1=" " ind2=" "><subfield code="a">9780393025330</subfield></datafield><datafield tag="040" ind1=" " ind2=" "><subfield code="d">CSt</subfield><subfield code="d">OrLoB</subfield><subfield code="d">UtOrBLW</subfield></datafield><datafield tag="050" ind1="0" ind2="0"><subfield code="a">PS3537.A832</subfield><subfield code="b">Z462 1988</subfield></datafield><datafield tag="082" ind1="0" ind2=" "><subfield code="a">818/.5203</subfield><subfield code="a">B</subfield><subfield code="2">19</subfield></datafield><datafield tag="100" ind1="1" ind2=" "><subfield code="a">Sarton, May,</subfield><subfield code="d">1912-1995.</subfield><subfield code="=">^A91979</subfield></datafield><datafield tag="245" ind1="1" ind2="0"><subfield code="a">After the stroke :</subfield><subfield code="b">a journal /</subfield><subfield code="c">by May Sarton.</subfield></datafield><datafield tag="260" ind1=" " ind2=" "><subfield code="a">New York :</subfield><subfield code="b">Norton,</subfield><subfield code="c">1988.</subfield></datafield><datafield tag="300" ind1=" " ind2=" "><subfield code="a">280 p. :</subfield><subfield code="b">ill. ;</subfield><subfield code="c">22 cm.</subfield></datafield><datafield tag="600" ind1="1" ind2="0"><subfield code="a">Sarton, May,</subfield><subfield code="d">1912-1995</subfield><subfield code="v">Diaries.</subfield><subfield code="=">^A91979</subfield></datafield><datafield tag="650" ind1=" " ind2="0"><subfield code="a">Authors, American</subfield><subfield code="y">20th century</subfield><subfield code="v">Diaries.</subfield><subfield code="=">^A2089420</subfield></datafield><datafield tag="650" ind1=" " ind2="0"><subfield code="a">Cerebrovascular disease</subfield><subfield code="x">Patients</subfield><subfield code="z">United States</subfield><subfield code="v">Diaries.</subfield><subfield code="=">^A1090390</subfield></datafield><datafield tag="035" ind1=" " ind2=" "><subfield code="a">(CStRLIN)CSUG88-B24900</subfield></datafield><datafield tag="035" ind1=" " ind2=" "><subfield code="a">(OCoLC-M)16228274</subfield></datafield><datafield tag="035" ind1=" " ind2=" "><subfield code="a">(OCoLC-I)273909965</subfield></datafield><datafield tag="596" ind1=" " ind2=" "><subfield code="a">1</subfield></datafield><datafield tag="916" ind1=" " ind2=" "><subfield code="a">DATE CATALOGED</subfield><subfield code="b">19910907</subfield></datafield><datafield tag="999" ind1=" " ind2=" "><subfield code="a">PS3537 .A832 Z462 1988</subfield><subfield code="w">LC</subfield><subfield code="c">1</subfield><subfield code="i">36105040778594</subfield><subfield code="d">2/4/2018</subfield><subfield code="e">2/4/2018</subfield><subfield code="l">STACKS</subfield><subfield code="m">GREEN</subfield><subfield code="n">5</subfield><subfield code="r">Y</subfield><subfield code="s">Y</subfield><subfield code="t">STKS-MONO</subfield><subfield code="u">4/5/1988</subfield></datafield></record>
</collection>
